<record><leader>00000cas a22000007a 4500</leader><controlfield tag="001">13745986</controlfield><controlfield tag="008">860618d1830183uvauwr ne      0    0eng  </controlfield><controlfield tag="009">466</controlfield><datafield ind1=" " ind2=" " tag="010"><subfield code="a">sn 86071625 </subfield></datafield><datafield ind1=" " ind2=" " tag="040"><subfield code="a">DLC</subfield><subfield code="b">eng</subfield><subfield code="c">DLC</subfield><subfield code="d">NPA</subfield><subfield code="d">CNW</subfield><subfield code="d">NVK</subfield><subfield code="d">OCL</subfield><subfield code="d">OCLCO</subfield><subfield code="d">OCLCF</subfield></datafield><datafield ind1="1" ind2=" " tag="029"><subfield code="a">AU@</subfield><subfield code="b">000020128101</subfield></datafield><datafield ind1=" " ind2=" " tag="042"><subfield code="a">msc</subfield></datafield><datafield ind1="0" ind2="0" tag="050"><subfield code="a">Newspaper 10028-X</subfield></datafield><datafield ind1="0" ind2=" " tag="130"><subfield code="a">Jeffersonian (Lynchburg, Va.)</subfield></datafield><datafield ind1="0" ind2="4" tag="245"><subfield code="a">The Jeffersonian.</subfield></datafield><datafield ind1="1" ind2="7" tag="246"><subfield code="a">Lynchburg Jeffersonian</subfield><subfield code="f">&lt;Aug. 10, 1831-    &gt;</subfield></datafield><datafield ind1="1" ind2="7" tag="246"><subfield code="a">Jeffersonian Republican</subfield><subfield code="f">&lt;11/8-3/10/1831&gt;</subfield></datafield><datafield ind1=" " ind2=" " tag="260"><subfield code="a">Lynchburg, Va. :</subfield><subfield code="b">John J. Cabell,</subfield></datafield><datafield ind1=" " ind2=" " tag="300"><subfield code="a">v. :</subfield><subfield code="b">ill. (chiefly advertisements) ;</subfield><subfield code="c">55 cm.</subfield></datafield><datafield ind1=" " ind2=" " tag="310"><subfield code="a">Weekly,</subfield><subfield code="b">June 29, 1831-</subfield></datafield><datafield ind1=" " ind2=" " tag="321"><subfield code="a">Semiweekly,</subfield><subfield code="b">1830-June 23, 1831</subfield></datafield><datafield ind1="0" ind2=" " tag="362"><subfield code="a">Vol. 3, no. 62 (Oct. 25, 1830)-</subfield></datafield><datafield ind1=" " ind2=" " tag="500"><subfield code="a">Last issue located: Nov. 23, 1831. Cf. Cappon, L.J.  Virginia newspapers.</subfield></datafield><datafield ind1=" " ind2=" " tag="500"><subfield code="a">Moved to Richmond, Va. in 1832. Cf. Cappon, L.J.  Virginia newspapers.</subfield></datafield><datafield ind1=" " ind2="0" tag="651"><subfield code="a">Lynchburg (Va.)</subfield><subfield code="v">Newspapers.</subfield></datafield><datafield ind1=" " ind2="7" tag="655"><subfield code="a">Newspapers.</subfield><subfield code="2">fast</subfield><subfield code="0">(OCoLC)fst01423814</subfield></datafield><datafield ind1=" " ind2="7" tag="651"><subfield code="a">Virginia</subfield><subfield code="z">Lynchburg.</subfield><subfield code="2">fast</subfield><subfield code="0">(OCoLC)fst01207740</subfield></datafield><datafield ind1=" " ind2=" " tag="752"><subfield code="a">United States</subfield><subfield code="b">Virginia</subfield><subfield code="d">Lynchburg.</subfield></datafield><datafield ind1="0" ind2="0" tag="780"><subfield code="t">Jeffersonian Republican (Lynchburg, Va.)</subfield><subfield code="w">(DLC)sn 85025562</subfield></datafield><datafield ind1="0" ind2="0" tag="785"><subfield code="t">Jeffersonian and Virginia times</subfield><subfield code="w">(DLC)sn 86077021</subfield></datafield></record>